@misc{ wiki:Github,
       author = "Github, Inc",
       title = "LaTeX",
       year = "2022",
       url = "https://docs.github.com/es",
       note = "[Internet; accedido 1-julio-2022]"
}

@misc{ wiki:Kanban,
       author = "Redacción APD",
       title = "¿En qué consiste la metodología Kanban y cómo utilizarla?",
       year = "2021",
       url = "https://www.apd.es/metodologia-kanban/",
       note = "[Internet; accedido 7-marzo-2022]"
}
@misc{ wiki:Latex,
       author = "Wikipedia",
       title = "LaTeX",
       year = "2022",
       url = "https://es.wikipedia.org/w/index.php?title=LaTeX&oldid=144454134",
       note = "[Internet; accedido 30-marzo-2022]"
}
@misc{ wiki:Overleaf,
       author = "Overleaf",
       title = "LaTeX,Evolucionado",
       year = "2022",
       url = "https://www.overleaf.com/",
       note = "[Internet; accedido 30-marzo-2022]"
}
@misc{ wiki:SueldoProgramador,
       author = "Jobted",
       title = "Sueldo del Programador de Videojuegos en España",
       year = "2021",
       url = "https://www.jobted.es/salario/programador-videojuegos",
       note = "[Internet; accedido 22-marzo-2022]"
}
@misc{ wiki:SalarioBruto,
       author = "Redacción Bankinter",
       title = "Salario neto: ¿Cuál es la diferencia entre lo que paga la empresa y lo que recibe el trabajador? (ejemplo)",
       year = "2022",
       url = "https://www.bankinter.com/blog/finanzas-personales/del-salario-bruto-salario-neto-espana-asi-varia-sueldo-infografia",
       note = "[Internet; accedido 22-marzo-2022]"
}
@misc{ wiki:VentasVideojuegos,
       author = "Manu Delgado",
       title = "Steam rompió su récord de lanzamientos en 2020 con más de 9000 juegos, uno nuevo cada hora",
       year = "2021",
       url = "https://vandal.elespanol.com/noticia/1350745977/steam-rompio-su-record-de-lanzamientos-en-2020-con-mas-de-9000-juegos-uno-nuevo-cada-hora/",
       note = "[Internet; accedido 23-marzo-2022]"
}
@misc{ wiki:RequisitosLegales,
       author = "Irene Ruiz de Valbuena",
       title = "El rompecabezas legal para registrar un videojuego",
       year = "2021",
       url = "https://elpais.com/economia/2021-08-21/el-rompecabezas-legal-para-registrar-un-videojuego.html",
       note = "[Internet; accedido 24-marzo-2022]"
}
@misc{ wiki:Licencia,
       author = "Creative Commons",
       title = "Attribution-NonCommercial-NoDerivatives 4.0 International",
       year = "2022",
       url = "https://creativecommons.org/licenses/by-nc-nd/4.0/",
       note = "[Internet; accedido 26-marzo-2022]"
}
@misc{ wiki:Firebase,
       author = "Google Developers",
       title = "Firebase Realtime Database",
       year = "2022",
       url = "https://firebase.google.com/docs/database",
       note = "[Internet; accedido 30-mayo-2022]"
}
@misc{ wiki:Singleton,
       author = "Refactoring Guru",
       title = "Firebase Realtime Database",
       year = "2022",
       url = "https://refactoring.guru/es/design-patterns/singleton",
       note = "[Internet; accedido 30-abril-2022]"
}
@misc{doc:DontDestroyOnLoad,
      	author = "Unity Documentation",
		title = "DontDestroyOnLoad",
		year = 2022,
		url = "https://docs.unity3d.com/ScriptReference/Object.DontDestroyOnLoad.html",
  		note = "[Internet; accedido 29-abril-2022]"
}
@misc{ wiki:Blender,
       author = "Equipo de Documentación de Blender",
       title = "Blender 3.3 Manual",
       year = "2022",
       url = "https://docs.blender.org/manual/es/dev/getting_started/about/introduction.html",
       note = "[Internet; accedido 22-mayo-2022]"
}
@misc{ wiki:Audacity,
       author = "Audacity",
       title = "AUDACITY : software de edición de audio",
       year = "2022",
       url = "https://audacity.es/",
       note = "[Internet; accedido 18-mayo-2022]"
}
@misc{doc:PackageManager,
      	author = "Unity Documentation",
		title = "Unity’s Package Manager",
		year = 2021,
		url = "https://docs.unity3d.com/2020.3/Documentation/Manual/Packages.html",
  		note = "[Internet; accedido 1-junio-2022]"
}

