@misc{ wiki:videojuegos,
       author = "Accenture",
       title = "Gaming: The next superplatform",
       year = "2021",
       url = "https://www.accenture.com/us-en/insights/software-platforms/gaming-the-next-super-platform",
       note = "[Internet; accedido 13-abril-2022]"
}

@misc{ wiki:motor_de_videojuegos,
       author = "Alberto Carrasco Carrasco",
       title = "¿Qué es un motor de videojuegos?",
       year = "2018",
       url = "https://blogs.upm.es/observatoriogate/2018/07/04/que-es-un-motor-de-videojuegos/",
       note = "[Internet; accedido 15-abril-2022]"
}
@misc{doc:Asset,
      	author = "Unity Documentation",
		title = "Asset",
		year = 2016,
		url = "https://docs.unity3d.com/es/530/Manual/AssetWorkflow.html",
  		note = "[Internet; accedido 18-abril-2022]"
}
@misc{doc:Scene,
      	author = "Unity Documentation",
		title = "Scene",
		year = 2016,
		url = "https://docs.unity3d.com/es/530/Manual/CreatingScenes.html",
  		note = "[Internet; accedido 18-abril-2022]"
}

@misc{doc:DontDestroyOnLoad,
      	author = "Unity Documentation",
		title = "Object.DontDestroyOnLoad",
		year = 2022,
		url = "https://docs.unity3d.com/ScriptReference/Object.DontDestroyOnLoad.html",
  		note = "[Internet; accedido 25-junio-2022]"
}

@misc{doc:GameObject,
      	author = "Unity Documentation",
		title = "Important Classes - GameObject",
		year = 2021,
		url = "https://docs.unity3d.com/Manual/class-GameObject.html",
  		note = "[Internet; accedido 18-abril-2022]"
}
@misc{doc:GetComponent,
      	author = "Unity Documentation",
		title = "GameObject.GetComponent",
		year = 2022,
		url = "https://docs.unity3d.com/ScriptReference/GameObject.GetComponent.html",
  		note = "[Internet; accedido 26-abril-2022]"
}
@misc{doc:SetActive,
      	author = "Unity Documentation",
		title = "GameObject.SetActive",
		year = 2022,
		url = "https://docs.unity3d.com/ScriptReference/GameObject.SetActive.html",
  		note = "[Internet; accedido 26-abril-2022]"
}
@misc{doc:OnEnable,
      	author = "Unity Documentation",
		title = "MonoBehaviour.OnEnable",
		year = 2022,
		url = "https://docs.unity3d.com/ScriptReference/MonoBehaviour.OnEnable.html",
  		note = "[Internet; accedido 26-abril-2022]"
}
@misc{doc:OnDisable,
      	author = "Unity Documentation",
		title = "MonoBehaviour.OnDisable",
		year = 2022,
		url = "https://docs.unity3d.com/ScriptReference/MonoBehaviour.OnDisable.html",
  		note = "[Internet; accedido 26-abril-2022]"
}
@misc{doc:Instantiate,
      	author = "Unity Documentation",
		title = "Object.Instantiate",
		year = 2022,
		url = "https://docs.unity3d.com/ScriptReference/Object.Instantiate.html",
  		note = "[Internet; accedido 26-abril-2022]"
}
@misc{doc:Destroy,
      	author = "Unity Documentation",
		title = "Object.Destroy",
		year = 2022,
		url = "https://docs.unity3d.com/ScriptReference/Object.Destroy.html",
  		note = "[Internet; accedido 26-abril-2022]"
}
@misc{doc:OnDestroy,
      	author = "Unity Documentation",
		title = "MonoBehaviour.OnDestroy",
		year = 2022,
		url = "https://docs.unity3d.com/ScriptReference/MonoBehaviour.OnDestroy.html",
  		note = "[Internet; accedido 26-abril-2022]"
}
@misc{doc:Components,
      	author = "Unity Documentation",
		title = "Introduction to components",
		year = 2021,
		url = "https://docs.unity3d.com/Manual/Components.html",
  		note = "[Internet; accedido 20-abril-2022]"
}
@misc{doc:Transform,
      	author = "Unity Documentation",
		title = "Transform",
		year = 2022,
		url = "https://docs.unity3d.com/ScriptReference/Transform.html",
  		note = "[Internet; accedido 20-abril-2022]"
}
@misc{doc:MeshRenderer,
      	author = "Unity Documentation",
		title = "MeshRenderer",
		year = 2022,
		url = "https://docs.unity3d.com/ScriptReference/MeshRenderer.html",
  		note = "[Internet; accedido 20-abril-2022]"
}
@misc{doc:Collider,
      	author = "Unity Documentation",
		title = "Collider",
		year = 2022,
		url = "https://docs.unity3d.com/ScriptReference/Collider.html",
  		note = "[Internet; accedido 24-abril-2022]"
}
@misc{doc:Rigidbody,
      	author = "Unity Documentation",
		title = "Rigidbody",
		year = 2022,
		url = "https://docs.unity3d.com/ScriptReference/Rigidbody.html",
  		note = "[Internet; accedido 24-abril-2022]"
}
@misc{doc:AudioSource,
      	author = "Unity Documentation",
		title = "AudioSource",
		year = 2022,
		url = "https://docs.unity3d.com/ScriptReference/AudioSource.html",
  		note = "[Internet; accedido 25-abril-2022]"
}
@misc{doc:Animator,
      	author = "Unity Documentation",
		title = "class-Animator",
		year = 2022,
		url = "https://docs.unity3d.com/es/530/Manual/class-Animator.html",
  		note = "[Internet; accedido 25-abril-2022]"
}

@misc{doc:Prefabs,
      	author = "Unity Documentation",
		title = "Prefabs",
		year = 2016,
		url = "https://docs.unity3d.com/es/530/Manual/Prefabs.html",
  		note = "[Internet; accedido 27-abril-2022]"
}
@misc{doc:Shader,
      	author = "Unity Documentation",
		title = "class-Shader",
		year = 2016,
		url = "https://docs.unity3d.com/es/530/Manual/class-Shader.html",
  		note = "[Internet; accedido 27-abril-2022]"
}
@misc{doc:Camera,
      	author = "Unity Documentation",
		title = "Camera",
		year = 2022,
		url = "https://docs.unity3d.com/ScriptReference/Camera.html",
  		note = "[Internet; accedido 27-abril-2022]"
}
@misc{doc:ScriptableObject,
      	author = "Unity Documentation",
		title = "class-ScriptableObject",
		year = 2021,
		url = "https://docs.unity3d.com/Manual/class-ScriptableObject.html",
  		note = "[Internet; accedido 28-abril-2022]"
}
@misc{doc:Scripts,
      	author = "Unity Documentation",
		title = "Creando y usando Scripts",
		year = 2016,
		url = "https://docs.unity3d.com/es/530/Manual/CreatingAndUsingScripts.html",
  		note = "[Internet; accedido 28-abril-2022]"
}
@misc{doc:CSharpUnity,
      	author = "Unity Technologies",
		title = "Creación de scripts en Unity para programadores expertos",
		year = 2022,
		url = "https://unity.com/es/how-to/programming-unity#benefits-data-oriented-design",
  		note = "[Internet; accedido 29-abril-2022]"
}
@misc{doc:MonoBehaviour,
      	author = "Unity Documentation",
		title = "MonoBehaviour",
		year = 2022,
		url = "https://docs.unity3d.com/ScriptReference/MonoBehaviour.html",
  		note = "[Internet; accedido 27-abril-2022]"
}
@misc{doc:Awake,
      	author = "Unity Documentation",
		title = "MonoBehaviour.Awake",
		year = 2022,
		url = "[https://docs.unity3d.com/ScriptReference/MonoBehaviour.Awake.html",
  		note = "[Internet; accedido 29-abril-2022]"
}
@misc{doc:Start,
      	author = "Unity Documentation",
		title = "MonoBehaviour.Start",
		year = 2022,
		url = "https://docs.unity3d.com/ScriptReference/MonoBehaviour.Start.html",
  		note = "[Internet; accedido 29-abril-2022]"
}
@misc{doc:Update,
      	author = "Unity Documentation",
		title = "MonoBehaviour.Update",
		year = 2022,
		url = "https://docs.unity3d.com/ScriptReference/MonoBehaviour.Update.html",
  		note = "[Internet; accedido 29-abril-2022]"
}
@misc{doc:FixedUpdate,
      	author = "Unity Documentation",
		title = "MonoBehaviour.FixedUpdate",
		year = 2022,
		url = "https://docs.unity3d.com/ScriptReference/MonoBehaviour.FixedUpdate.html",
  		note = "[Internet; accedido 29-abril-2022]"
}
@misc{doc:LateUpdate,
      	author = "Unity Documentation",
		title = "MonoBehaviour.LateUpdate",
		year = 2022,
		url = "https://docs.unity3d.com/ScriptReference/MonoBehaviour.LateUpdate.html",
  		note = "[Internet; accedido 29-abril-2022]"
}
@misc{doc:ExecutionOrder,
      	author = "Unity Documentation",
		title = "Order of execution for event functions",
		year = 2021,
		url = "https://docs.unity3d.com/Manual/ExecutionOrder.html",
  		note = "[Internet; accedido 30-abril-2022]"
}
@misc{ wiki:BattleRoyale,
       author = "Wikipedia",
       title = "Battle royale (videojuegos)",
       year = "2022",
       url = "https://es.wikipedia.org/w/index.php?title=Battle_royale_(videojuegos)&oldid=143522872",
       note = "[Internet; accedido 30-abril-2022]"
}
@misc{ wiki:Blender,
       author = "Equipo de Documentación de Blender",
       title = "Blender 3.3 Manual",
       year = "2022",
       url = "https://docs.blender.org/manual/es/dev/getting_started/about/introduction.html",
       note = "[Internet; accedido 22-mayo-2022]"
}
@misc{ wiki:Firebase,
       author = "Google Developers",
       title = "Firebase Realtime Database",
       year = "2022",
       url = "https://firebase.google.com/docs/database",
       note = "[Internet; accedido 30-mayo-2022]"
}
@misc{ wiki:Github,
       author = "Github, Inc",
       title = "LaTeX",
       year = "2022",
       url = "https://docs.github.com/es",
       note = "[Internet; accedido 1-julio-2022]"
}
@misc{ wiki:Latex,
       author = "Wikipedia",
       title = "LaTeX",
       year = "2022",
       url = "https://es.wikipedia.org/w/index.php?title=LaTeX&oldid=144454134",
       note = "[Internet; accedido 30-marzo-2022]"
}
@misc{ wiki:Overleaf,
       author = "Overleaf",
       title = "LaTeX,Evolucionado",
       year = "2022",
       url = "https://www.overleaf.com/",
       note = "[Internet; accedido 30-marzo-2022]"
}

@misc{ wiki:Audacity,
       author = "Audacity",
       title = "AUDACITY : software de edición de audio",
       year = "2022",
       url = "https://audacity.es/",
       note = "[Internet; accedido 18-mayo-2022]"
}

@misc{ wiki:Illustrator,
       author = "Adobe Illustrator",
       title = "Illustrator: Gráficos llamativos. En todas partes",
       year = "2022",
       url = "https://www.adobe.com/es/products/illustrator.html",
       note = "[Internet; accedido 20-marzo-2022]"
}

@misc{ wiki:Mixamo,
       author = "Adobe Systems Incorporated",
       title = "Mixamo: Get Animated",
       year = "2022",
       url = "https://www.mixamo.com/#/",
       note = "[Internet; accedido 16-mayo-2022]"
}

@misc{ wiki:Unity,
       author = "Unity Technologies",
       title = "Unity: The world’s leading platform for real-time content creation",
       year = "2022",
       url = "https://unity.com/",
       note = "[Internet; accedido 10-marzo-2022]"
}

@misc{ wiki:VisualStudio,
       author = "Microsoft",
       title = "Visual Studio: Así es como se crea software",
       year = "2022",
       url = "https://visualstudio.microsoft.com/es/",
       note = "[Internet; accedido 19-abril-2022]"
}

@misc{ wiki:FirebaseWithUnity,
       author = "Google Developers",
       title = "Cómo comenzar con Firebase Realtime Database para Unity",
       year = "2022",
       url = "https://firebase.google.com/docs/database",
       note = "[Internet; accedido 31-mayo-2022]"
}

@misc{ wiki:TerrainGeneration,
       author = "Sebastian Lague",
       title = "Procedural terrain Generation",
       year = "2016",
       url = "https://www.youtube.com/watch?v=wbpMiKiSKm8&list=PLFt_AvWsXl0eBW2EiBtl_sxmDtSgZBxB3",
       note = "[Internet; accedido 18-mayo-2022]"
}

@misc{ wiki:PerlinNoise,
       author = "Unity Documentation",
       title = "PerlinNoise",
       year = "2016",
       url = "https://docs.unity3d.com/es/530/ScriptReference/Mathf.PerlinNoise.html",
       note = "[Internet; accedido 18-mayo-2022]"
}

@misc{ wiki:NavMeshComponents,
       author = "AI Navigation Developers",
       title = "NavMeshComponents",
       year = "2016",
       url = "https://github.com/Unity-Technologies/NavMeshComponents",
       note = "[Internet; accedido 11-mayo-2022]"
}

@misc{ wiki:Raycast,
       author = "Unity Documentation",
       title = "Physics.Raycast",
       year = "2022",
       url = "https://docs.unity3d.com/ScriptReference/Physics.Raycast.html",
       note = "[Internet; accedido 2-mayo-2022]"
}

@misc{ wiki:NormalMaps,
       author = "Unity Documentation",
       title = "NormalMap",
       year = "2020",
       url = "https://docs.unity3d.com/es/2019.4/Manual/StandardShaderMaterialParameterNormalMap.html",
       note = "[Internet; accedido 7-mayo-2022]"
}

@misc{ wiki:OclussionCulling,
       author = "Unity Documentation",
       title = "OclussionCulling",
       year = "2021",
       url = "https://docs.unity3d.com/Manual/OcclusionCulling.html",
       note = "[Internet; accedido 3-mayo-2022]"
}

@misc{ wiki:BestBattleRoyale,
       author = "BestGamingSettings",
       title = "FORTNITE VS PUBG VS APEX VS COD – WHICH IS THE BEST BATTLE ROYALE?",
       year = "2022",
       url = "https://www.bestgamingsettings.com/fortnite-vs-pubg-vs-apex-vs-cod-which-is-the-best-battle-royale/",
       note = "[Internet; accedido 29-junio-2022]"
}

@misc{ wiki:MLAgents,
       author = "Unity Technologies",
       title = "Agentes de aprendizaje automático de Unity",
       year = "2022",
       url = "https://unity.com/es/products/machine-learning-agents",
       note = "[Internet; accedido 12-junio-2022]"
}